@article{past,
    author =       "Jennifer Wu, Michael Siegel and Joshua Manion",
    title =        "Online Trading: An Internet Revolution",
    journal =      "Massachusetts Institute of Technology",
    pages =        "4--5",
    year =         "1999"
}

@misc{timeIsMoney,
    author =       "Benjamin Franklin",
    title =        "Advice to a Young Tradesman",
    howpublished       = "\url{https://liberalarts.utexas.edu/coretexts/_files/resources/texts/1748%20Franklin%20Advice.pdf}"
}
@misc{centralBank,
    author =       "Triennial Central Bank Survey",
    title =        "Foreign exchange turnover in April 2019",
    howpublished       = "\url{https://www.bis.org/statistics/rpfx19_fx.pdf}"
}
@misc{forex,
    author =       "Ibeth Rivero",
    title =        "Forex Trading Industry Statistics and Facts 2020",
    howpublished       = "\url{https://www.dailyforex.com/forex-articles/2020/09/forex-industry-statistics-2020/150275#:~:text=The%20global%20Forex%20trading%20market,%28that%20is%20%242.4%20quadrillion%29}"
}
@book{marketWizards,
    author    = "Jack D. Schwager",
    title     = "Stock market wizards",
    year      = "April 15, 2003",
    publisher = "HarperCollins"
}
@book{tutorial,
    author    = "J. Moriaco",
    title     = "How to make a Full Time Income Trading Stocks Online",
    year      = "November 5, 2017",
    publisher = "CreateSpace Independent Publishing Platform"
}

@book{currencyfordummies,
    author    = "Brian Dolan",
    title     = "Currency Trading For Dummies",
    year      = "July 5, 2011",
    publisher = "For Dummies",
	pages	  = "18--19"
}

@article{patterns,
    author =       "MU Huaxin and JIANG Shuai",
    title =        "Design Patterns in Software Development",
    publisher =    "IEEE",
    year =         "2007"
}
@book{gui,
    author    = "J. Moriaco",
    title     = "How to make a Full Time Income Trading Stocks Online",
    year      = "November 5, 2017",
    publisher = "CreateSpace Independent Publishing Platform"
}

@article{swing,
    author =       "Jaideep Verma,Inderjeet Singh Behl, Ankush Saini",
    title =        "Research paper on swings",
	journal = 	   "International Journal Of Scientific Research And Education",
	volume =       "1",
    pages =        "173--186",
    year =         "2013"
}
@misc{time,
    author =       "Jean Folger",
    title =        "A Day in the Life of a Day Trader",
    howpublished       = "\url{https://www.investopedia.com/articles/professionals/052113/day-life-day-trader.asp}"
}

